%% This BibTeX bibliography file was created using BibDesk.
%% http://bibdesk.sourceforge.net/

%% Created for Gordon Royle at 2018-01-30 09:21:45 +0800 


%% Saved with string encoding Unicode (UTF-8) 



@misc{rudistefan,
	Author = {Rudi Pendavingh and Stefan van Zwam et. al.},
	Date-Added = {2018-01-30 01:19:24 +0000},
	Date-Modified = {2018-01-30 01:21:36 +0000},
	Howpublished = {Included in Sage Mathematics Software 5.12. },
	Title = {Sage Matroids Component},
	Year = {2013}}

@article{MR0359655,
	Author = {Fortuin, C. M. and Kasteleyn, P. W.},
	Date-Added = {2015-01-08 02:50:19 +0000},
	Date-Modified = {2015-01-08 02:50:19 +0000},
	Journal = {Physica},
	Mrclass = {82.60},
	Mrnumber = {0359655 (50 \#12107)},
	Mrreviewer = {S. V. Temko},
	Pages = {536--564},
	Title = {On the random-cluster model. {I}. {I}ntroduction and relation to other models},
	Volume = {57},
	Year = {1972}}

@article{forkas,
	Author = {Fortuin, C.M. and Kastel},
	Date-Added = {2015-01-08 02:47:06 +0000},
	Date-Modified = {2015-01-08 02:50:18 +0000}}

@article{MR3131381,
	Author = {McKay, Brendan D. and Piperno, Adolfo},
	Date-Added = {2015-01-08 02:19:52 +0000},
	Date-Modified = {2015-01-08 02:19:52 +0000},
	Doi = {10.1016/j.jsc.2013.09.003},
	Fjournal = {Journal of Symbolic Computation},
	Issn = {0747-7171},
	Journal = {J. Symbolic Comput.},
	Mrclass = {05C60 (05C85 68Q25)},
	Mrnumber = {3131381},
	Mrreviewer = {Bharati Rajan},
	Pages = {94--112},
	Title = {Practical graph isomorphism, {II}},
	Url = {http://dx.doi.org/10.1016/j.jsc.2013.09.003},
	Volume = {60},
	Year = {2014},
	Bdsk-Url-1 = {http://dx.doi.org/10.1016/j.jsc.2013.09.003}}

@article{MR2319391,
	Author = {Britz, Dieter and Britz, Thomas and Shiromoto, Keisuke and S{\o}rensen, Henrik Kragh},
	Coden = {IETTAW},
	Date-Added = {2015-01-08 02:16:00 +0000},
	Date-Modified = {2015-01-08 02:16:00 +0000},
	Doi = {10.1109/TIT.2007.899509},
	Fjournal = {Institute of Electrical and Electronics Engineers. Transactions on Information Theory},
	Issn = {0018-9448},
	Journal = {IEEE Trans. Inform. Theory},
	Mrclass = {94B05},
	Mrnumber = {2319391 (2008a:94163)},
	Number = {7},
	Pages = {2567--2571},
	Title = {The higher weight enumerators of the doubly-even, self-dual {$[48,24,12]$} code},
	Url = {http://dx.doi.org/10.1109/TIT.2007.899509},
	Volume = {53},
	Year = {2007},
	Bdsk-Url-1 = {http://dx.doi.org/10.1109/TIT.2007.899509}}

@book{Adams94,
	Author = {C. Adams},
	Publisher = {W. H. Freeman and Company},
	Title = {The Knot Book},
	Year = {1994}}

@incollection{MR2187739,
	Address = {Cambridge},
	Author = {Sokal, Alan D.},
	Booktitle = {Surveys in combinatorics 2005},
	Pages = {173--226},
	Publisher = {Cambridge Univ. Press},
	Series = {London Math. Soc. Lecture Note Ser.},
	Title = {The multivariate {T}utte {P}olynomial (alias {P}otts model) for graphs and matroids},
	Volume = {327},
	Year = {2005}}

@book{Boll98,
	Address = {New York NY},
	Author = {B\'{e}la Bollob\'{a}s},
	Number = {184},
	Publisher = {Springer},
	Series = {Graduate Texts in Mathematics},
	Title = {Modern Graph Theory},
	Year = {1998}}

@incollection{BR99,
	Author = {B\'{e}la Bollob\'{a}s and Oliver Riordan},
	Booktitle = {Combinatorics, Probability and Computing},
	Publisher = {Cambridge University Press},
	Title = {A {Tutte} {P}olynomial for Coloured Graphs},
	Volume = {8},
	Year = {1999}}

@article{CS01,
	Author = {Shu-Chiuan Chang and Robert Shrock},
	Journal = {Physica A:Statistical Mechanics and its Application},
	Pages = {196--218},
	Title = {Zeros of {J}ones {P}olynomials for Families of Knots and Links},
	Volume = {301},
	Year = {2001}}

@article{DVW96,
	Author = {Alain Denise and Marcio Vasconcellos and Dominic J. A. Welsh},
	Journal = {Congressus Numerantium},
	Pages = {61--79},
	Title = {The random planar graph},
	Volume = {113},
	Year = {1996}}

@article{Haggard93,
	Author = {G. Haggard and R. Read},
	Journal = {J. Math. Comput},
	Pages = {35--43},
	Title = {{C}hromatic {P}olynomials of Large Graphs. {II}. Isomorphism abstract data type for small graphs.},
	Volume = {3},
	Year = {1993}}

@article{Haggard99,
	Author = {G. Haggard and T. Mathies},
	Journal = {Discrete Math},
	Pages = {227--231},
	Title = {The computation of {C}hromatic {P}olynomials},
	Volume = {199},
	Year = {1999}}

@article{ER60,
	Author = {Paul Erd{\"o}s and Alfred R\'{e}nyi},
	Journal = {Mathematical Institute of the Hungarian Academy of Sciences},
	Pages = {17--61},
	Title = {On the evolution of random graphs},
	Volume = {5},
	Year = {1960}}

@techreport{McKay90,
	Author = {Brendan McKay},
	Institution = {Dept. Comp. Sci., Australian National University},
	Title = {Nauty Users Guide (Version $1.5$)},
	Type = {Technical report},
	Year = {1990}}

@book{Kauf06,
	Author = {Louis Kauffman},
	Publisher = {Dover Publications},
	Title = {Formal Knot Theory},
	Year = {2006}}

@inproceedings{Moret90,
	Author = {Bernard M. E. Moret},
	Booktitle = {Proceedings of the DIMACS Implementation Challenge},
	Pages = {197--213},
	Publisher = {American Maths Society},
	Series = {DIMACS Monographs},
	Title = {Towards {A} Discipline Of Experimental Algorithmics},
	Volume = {59},
	Year = {1990}}

@book{Mur96,
	Author = {K. Murasugi},
	Publisher = {Birkhauser},
	Title = {Knot Theory and Its Applications},
	Year = {1996}}

@inproceedings{Rau94,
	Author = {Monika Rauch},
	Booktitle = {Proceedings of the ACM symposium on Theory of computing},
	Pages = {686--695},
	Publisher = {ACM},
	Title = {Improved data structures for fully dynamic biconnectivity},
	Year = {1994}}

@techreport{Read,
	Author = {R. Read},
	Institution = {Dept. Comb. \& Opt., University of Waterloo},
	Number = {CORR 87-20},
	Title = {An improved method for computing {C}hromatic {P}olynomials of sparse graphs},
	Year = {1987}}

@techreport{Royle,
	Author = {G. F. Royle},
	Institution = {Dept. Comb. \& Opt., University of Waterloo},
	Number = {CORR 88-35},
	Title = {Computing the {Tutte} {P}olynomial of sparse graphs},
	Year = {1988}}

@article{SIT95,
	Author = {K. Sekine and H. Imai and S. Tani},
	Journal = {Lecture Notes in Computer Science},
	Pages = {224--233},
	Title = {Computing the {Tutte} {P}olynomial of a Graph of Moderate Size},
	Volume = {1004},
	Year = {1995}}

@article{This87,
	Author = {M.B. Thistlewaite},
	Journal = {Topology},
	Pages = {297--309},
	Title = {A Spanning Tree Expansion of the {Jones} {P}olynomial},
	Volume = {26},
	Year = {1987}}

@article{Tutte,
	Author = {W.T. Tutte},
	Journal = {Canadian Journal of Mathematics},
	Pages = {80--81},
	Title = {A Contribution to the Theory of {C}hromatic {P}olynomials},
	Volume = {6},
	Year = {1954}}

@article{Tar72,
	Author = {Robert E. Tarjan},
	Journal = {SIAM Journal on Computing},
	Number = {2},
	Pages = {146--160},
	Title = {Depth-first search and linear graph algorithms},
	Volume = {1},
	Year = {1972}}

@article{HT73,
	Author = {J. E. Hopcroft and R. E. Tarjan},
	Journal = {SIAM Journal on Computing},
	Number = {3},
	Pages = {135-158},
	Publisher = {SIAM},
	Title = {Dividing a Graph into Triconnected Components},
	Volume = {2},
	Year = {1973}}

@inproceedings{GM00,
	Address = {London, UK},
	Author = {Carsten Gutwenger and Petra Mutzel},
	Booktitle = {Proceedings of the 8th International Symposium on Graph Drawing (GD)},
	Pages = {77--90},
	Publisher = {Springer-Verlag},
	Title = {A Linear Time Implementation of {SPQR}-Trees},
	Year = {2001}}

@article{WT92,
	Author = {Jeff Westbrook and Robert Tarjan},
	Journal = {Algorithmica},
	Number = {1},
	Pages = {433--464},
	Title = {Maintaining Bridge-Connected and Biconnected Components On-Line},
	Volume = {7},
	Year = {1992}}

@article{WM00,
	Author = {D. J. A. Welsh and C. Merino},
	Journal = {Journal of Mathematical Physics},
	Number = {3},
	Pages = {1127--1152},
	Title = {The {Potts} model and the {Tutte} {P}olynomial},
	Volume = {41},
	Year = {2000}}

@inproceedings{BHKK08b,
	Author = {Andrea Bj\"{o}rklund and Thore Husfeldt and Petteri Kaski and Mikko Koivistor},
	Booktitle = {Proceedings of the IEEE Symposium on the Foundations of Computer Science (FOCS)},
	Pages = {677-686},
	Title = {Computing the {Tutte} {P}olynomial in vertex-exponential time},
	Year = {2008}}

@techreport{BHKK08a,
	Address = {\url{arxiv.org/PS_cache/arxiv/pdf/0711/0711.2585v4.pdf}},
	Author = {Andrea Bj\"{o}rklund and Thore Husfeldt and Petteri Kaski and Mikko Koivistor},
	Title = {Computing the {T}utte {P}olynomial in vertex-exponential time},
	Type = {Technical report},
	Year = {2008}}

@inbook{MM09a,
	Address = {\url{http://arxiv.org/abs/0803.3079}},
	Author = {J. Ellis-Monaghan and C. Merino},
	Editor = {Matthias Dehmer},
	Series = {Invited chapter for Structural Analysis of Complex Networks},
	Title = {Graph polynomials and their applications I: the {T}utte {P}olynomial},
	Year = {2009}}

@inbook{MM09b,
	Address = {\url{http://arxiv.org/abs/0806.4699}},
	Author = {J. Ellis-Monaghan and C. Merino},
	Editor = {Matthias Dehmer},
	Series = {Invited chapter for Structural Analysis of Complex Networks},
	Title = {Graph polynomials and their applications II: interrelations and interpretations},
	Year = {2009}}

@article{Mon12,
	Author = {Michael B. Monagan},
	Journal = {CoRR},
	Title = {A new edge selection heuristic for computing the Tutte polynomial of an undirected graph},
	Volume = {abs/1209.5160},
	Year = {2012}}

@article{JVW90,
	Author = {F. Jaeger. and D.L. Vertigan and D.J.A. Welsh},
	Journal = {Mathematical Proceedings of the Cambridge Philosophical Society},
	Number = {1},
	Pages = {35--53},
	Title = {On the computational complexity of the {J}ones and {T}utte {P}olynomials},
	Volume = {108},
	Year = {1990}}

@book{PS03,
	Address = {Cambridge},
	Author = {Sriram Pemmaraju and Steven Skiena},
	Pages = {xiv, 480},
	Publisher = {Cambridge University Press},
	Title = {Computational Discrete Mathematics: Combinatorics and Graph Theory with Mathematica},
	Year = {2003}}

@techreport{Y79,
	Address = {Stanford, CA, USA},
	Author = {F. Francis Yao},
	Publisher = {Stanford University},
	Title = {Graph 2-isomorphism is {NP}-complete},
	Year = {1979}}

@incollection{BO92,
	Address = {Cambridge},
	Author = {Thomas Brylawski and James Oxley},
	Booktitle = {Matroid applications},
	Pages = {123--225},
	Publisher = {Cambridge Univ. Press},
	Series = {Encyclopedia Math. Appl.},
	Title = {The {T}utte {P}olynomial and its applications},
	Volume = {40},
	Year = {1992}}

@article{HPR10,
	Author = {G. Haggard and D. J. Pearce and G. Royle},
	Journal = {Proceedings of the Computing: The Australasian Theory Symposium (CATS)},
	Number = {3},
	Pages = {Article 24},
	Title = {Computing Tutte Polynomials},
	Volume = {37},
	Year = {2010}}

@inproceedings{PHR09,
	Author = {D. J. Pearce and G. Haggard and G. Royle},
	Booktitle = {Proceedings of the Computing: The Australasian Theory Symposium (CATS)},
	Pages = {153--162},
	Title = {Edge-Selection Heuristics for Computing {T}utte {P}olynomials},
	Year = {2009}}

@article{HSV65,
	Author = {D. W. Hall and J. W. Siry and B. R. Vanderslice},
	Journal = {Proceedings of the American Mathematical Society},
	Number = {4},
	Pages = {620--628},
	Publisher = {American Mathematical Society},
	Title = {The {C}hromatic {P}olynomial of the {T}runcated {I}cosahedron},
	Volume = {16},
	Year = {1965}}

@article{MRR78,
	Author = {P. Rosenstiehl and R. C. Read},
	Journal = {Ann. Discrete Math.},
	Note = {Advances in graph theory (Cambridge Combinatorial Conf., Trinity College, Cambridge, 1977)},
	Pages = {195--226},
	Title = {On the principal edge tripartition of a graph},
	Volume = {3},
	Year = {1978}}

@article{BJ10,
	Author = {Andrea Bedini and Jesper Lykke Jacobsen},
	Journal = {Journal of Physics A: Mathematical and Theoretical},
	Number = {38},
	Pages = {385001},
	Title = {A tree-decomposed transfer matrix for computing exact Potts model partition functions for arbitrary graphs, with applications to planar graph colourings},
	Volume = {43},
	Year = {2010}}
